<?xml version="1.0" encoding="UTF-8"?>
<record xmlns="http://www.loc.gov/MARC21/slim" xmlns:xsi="http://www.w3.org/2001/XMLSchema-instance" xsi:schemaLocation="http://www.loc.gov/MARC21/slim http://www.loc.gov/standards/marcxml/schema/MARC21slim.xsd">
<leader>00000cam a22      i 4500</leader>
<controlfield tag="001">002129256</controlfield>
<controlfield tag="003">NNU</controlfield>
<controlfield tag="005">20160302175516.0</controlfield>
<controlfield tag="008">930512s1934    le c     b    000 0 arar</controlfield>
<datafield tag="010" ind1=" " ind2=" ">
<subfield code="a">   59049558</subfield>
</datafield>
<datafield tag="035" ind1=" " ind2=" ">
<subfield code="a">(OCoLC)28097208</subfield>
</datafield>
<datafield tag="040" ind1=" " ind2=" ">
<subfield code="a">DLC</subfield>
<subfield code="b">eng</subfield>
<subfield code="c">CUY</subfield>
<subfield code="d">CUY</subfield>
<subfield code="d">OCLCG</subfield>
<subfield code="d">LGG</subfield>
<subfield code="d">OCLCQ</subfield>
<subfield code="d">OCLCO</subfield>
<subfield code="d">OCLCF</subfield>
<subfield code="d">NNU</subfield>
</datafield>
<datafield tag="050" ind1=" " ind2="4">
<subfield code="a">PJ25</subfield>
<subfield code="b">.A6 1934</subfield>
</datafield>
<datafield tag="100" ind1="0" ind2=" ">
<subfield code="6">880-01</subfield>
<subfield code="a">Ismāʼīl ibn ʻAbdi,</subfield>
<subfield code="d">1881 or 1882-1933.</subfield>
</datafield>
<datafield tag="245" ind1="1" ind2="3">
<subfield code="6">880-02</subfield>
<subfield code="a">al-Yazīdīyah qadīman wa-ḥadīthan :</subfield>
<subfield code="b">wa-hiya thalāthat fuṣūl fī muʻtaqadāt al-Yazīdīyah wa-ʻādātuhum wa-baʻḍ ḥawādith tārīkhihim wa-sīrat aḥad umarāʼihim al-muʻāṣirīn /</subfield>
<subfield code="c">li-Ismāʻīl Bak Gūl, amīr al-Yazīdīyah fī Sinjār ; ʻanniya bi-nashrihā wa-ʻādād ḥawạshīhā wa-waḍʻ maqdamatihā wa-fahārisihā Qusṭanṭīn Zurayq.</subfield>
</datafield>
<datafield tag="260" ind1=" " ind2=" ">
<subfield code="6">880-03</subfield>
<subfield code="a">Bayrūt :</subfield>
<subfield code="b">al-Maṭbaʻah al-Amīrikānīyah,</subfield>
<subfield code="c">1934.</subfield>
</datafield>
<datafield tag="300" ind1=" " ind2=" ">
<subfield code="a">22,134 pages :</subfield>
<subfield code="b">portraits ;</subfield>
<subfield code="c">23 cm.</subfield>
</datafield>
<datafield tag="336" ind1=" " ind2=" ">
<subfield code="a">text</subfield>
<subfield code="b">txt</subfield>
<subfield code="2">rdacontent</subfield>
</datafield>
<datafield tag="337" ind1=" " ind2=" ">
<subfield code="a">unmediated</subfield>
<subfield code="b">n</subfield>
<subfield code="2">rdamedia</subfield>
</datafield>
<datafield tag="338" ind1=" " ind2=" ">
<subfield code="a">volume</subfield>
<subfield code="b">nc</subfield>
<subfield code="2">rdacarrier</subfield>
</datafield>
<datafield tag="490" ind1="1" ind2=" ">
<subfield code="6">880-04</subfield>
<subfield code="a">al-Jāmiʻah al-Amīrikīyah fī Bayrūt. Manshūrāt Kullīyat al-ʻUlūm wa-al-Ādāb. Silsilat al-ʻUlūm al-Sharqīyah ;</subfield>
<subfield code="v">6</subfield>
</datafield>
<datafield tag="500" ind1=" " ind2=" ">
<subfield code="a">Added t.p.: The Yazīdīs past and present; being three original texts about Yazidi doctrines, customs, and some events of their history, with an autobiography of one of their contemporary amirs. By Ismāʻīl Beg Chol, Yazīdī amīr of Sinjār.</subfield>
</datafield>
<datafield tag="504" ind1=" " ind2=" ">
<subfield code="a">Includes bibliographical references.</subfield>
</datafield>
<datafield tag="650" ind1=" " ind2="0">
<subfield code="a">Yezidis.</subfield>
</datafield>
<datafield tag="650" ind1=" " ind2="7">
<subfield code="a">Yezidis.</subfield>
<subfield code="2">fast</subfield>
<subfield code="0">(OCoLC)fst01182765</subfield>
</datafield>
<datafield tag="700" ind1="1" ind2=" ">
<subfield code="6">880-05</subfield>
<subfield code="a">Zurayq, Qusṭanṭīn,</subfield>
<subfield code="d">1909-</subfield>
<subfield code="e">editor.</subfield>
</datafield>
<datafield tag="776" ind1="0" ind2="8">
<subfield code="i">Online version:</subfield>
<subfield code="a">Ismāʼīl ibn ʻAbdi, 1881 or 2-1933.</subfield>
<subfield code="t">Yazīdīyah qadīman wa-ḥadīthan.</subfield>
<subfield code="d">Bayrūt : al-Maṭbaʻah al-Amīrikānīyah, [1934]</subfield>
<subfield code="w">(OCoLC)651574897</subfield>
</datafield>
<datafield tag="880" ind1="1" ind2=" ">
<subfield code="6">100-01/</subfield>
<subfield code="a">چول، إسماعيل،</subfield>
<subfield code="d">1881 or 1882-1933.</subfield>
</datafield>
<datafield tag="880" ind1="1" ind2="2">
<subfield code="6">245-02/</subfield>
<subfield code="a">اليزيدية قديما وحديثا :</subfield>
<subfield code="b">وهي ثلاثة فصول في معتقدات اليزيدية وعاداتهم وبعض حوادث تاريخيهم وسيرة احد امرائهم المعاصرين /</subfield>
<subfield code="c">لإسماعيل بك چول، امير اليزيدية في سنجار ؛ عني بنشرها وعداد حواشيها ووضع مقدمتها وفهارسها قسطنطيين زريق.</subfield>
</datafield>
<datafield tag="880" ind1=" " ind2=" ">
<subfield code="6">260-03/</subfield>
<subfield code="a">بيروت :</subfield>
<subfield code="b">المطبعة الاميركانية،</subfield>
<subfield code="c">1934.</subfield>
</datafield>
<datafield tag="880" ind1="1" ind2=" ">
<subfield code="6">490-04/</subfield>
<subfield code="a">منشورات كلية العلوم والآداب. سلسلة العلوم الشرقية ؛</subfield>
<subfield code="v">الحلقة 6.</subfield>
</datafield>
<datafield tag="880" ind1="1" ind2=" ">
<subfield code="6">700-05/</subfield>
<subfield code="a">زريق، قسطنطين،</subfield>
<subfield code="d">1909</subfield>
<subfield code="e">editor.</subfield>
</datafield>
<datafield tag="830" ind1=" " ind2="0">
<subfield code="6">880-06</subfield>
<subfield code="a">Jāmiʻah al-Amīrikīyah fī Bayrūt. Manshūrāt Kullīyat al-ʻUlūm wa-al-Ādāb. Silsilat al-ʻUlūm al-Sharqīyah ;</subfield>
<subfield code="v">6.</subfield>
</datafield>
<datafield tag="880" ind1=" " ind2="0">
<subfield code="6">830-06/</subfield>
<subfield code="a">جامعة الاميركية في بيروت. منشورات كلية العلوم والآداب. سلسلة العلوم الشرقية ;</subfield>
<subfield code="v">6.</subfield>
</datafield>
<datafield tag="OWN" ind1=" " ind2=" ">
<subfield code="a">GENERAL</subfield>
</datafield>
<datafield tag="AVA" ind1=" " ind2=" ">
<subfield code="a">NYU50</subfield>
<subfield code="b">BOBST</subfield>
<subfield code="c">Main Collection</subfield>
<subfield code="d">PJ25 .A6 no.6</subfield>
<subfield code="e">unavailable</subfield>
<subfield code="t">Unavailable</subfield>
<subfield code="f">1</subfield>
<subfield code="g">1</subfield>
<subfield code="h">N</subfield>
<subfield code="i">0</subfield>
<subfield code="j">MAIN</subfield>
<subfield code="k">0</subfield>
</datafield>
</record>
